<?xml version="1.0" encoding="UTF-8"?>
<record>
  <leader>01264nam#a2200349#cc4500</leader>
  <controlfield tag="005">20210408121743.0</controlfield>
  <controlfield tag="007">tu</controlfield>
  <controlfield tag="008">021217|2002####gw ###########|||#|#ger#c</controlfield>
  <controlfield tag="003">DE-605</controlfield>
  <controlfield tag="001">990118562160206441</controlfield>
  <datafield tag="035" ind1=" " ind2=" ">
    <subfield code="a">(DE-605)HT013532539</subfield>
  </datafield>
  <datafield tag="040" ind1=" " ind2=" ">
    <subfield code="c">DE-605</subfield>
    <subfield code="a">465</subfield>
    <subfield code="b">ger</subfield>
    <subfield code="e">rakwb</subfield>
    <subfield code="d">DE-605</subfield>
  </datafield>
  <datafield tag="041" ind1=" " ind2=" ">
    <subfield code="a">ger</subfield>
  </datafield>
  <datafield tag="044" ind1=" " ind2=" ">
    <subfield code="c">XA-DE</subfield>
  </datafield>
  <datafield tag="110" ind1="2" ind2=" ">
    <subfield code="a">Deutschland</subfield>
    <subfield code="b">Bundesverfassungsgericht</subfield>
    <subfield code="0">(DE-588)2117905-0</subfield>
    <subfield code="4">aut</subfield>
    <subfield code="9">O:H</subfield>
  </datafield>
  <datafield tag="245" ind1="1" ind2="0">
    <subfield code="a">&lt;&lt;Die&gt;&gt; Rechtsprechung des Bundesverfassungsgerichts im Jahre ...</subfield>
    <subfield code="n">2001</subfield>
    <subfield code="c">Manfred Lepa</subfield>
  </datafield>
  <datafield tag="250" ind1=" " ind2=" ">
    <subfield code="a">[Mikrofiche-Ausg.]</subfield>
  </datafield>
  <datafield tag="264" ind1="3" ind2="1">
    <subfield code="a">Köln</subfield>
    <subfield code="b">Bundesanzeiger</subfield>
    <subfield code="c">2002</subfield>
    <subfield code="3">2002</subfield>
  </datafield>
  <datafield tag="300" ind1=" " ind2=" ">
    <subfield code="a">24 S.</subfield>
  </datafield>
  <datafield tag="336" ind1=" " ind2=" ">
    <subfield code="b">txt</subfield>
  </datafield>
  <datafield tag="337" ind1=" " ind2=" ">
    <subfield code="b">n</subfield>
  </datafield>
  <datafield tag="338" ind1=" " ind2=" ">
    <subfield code="b">nc</subfield>
  </datafield>
  <datafield tag="964" ind1="0" ind2="s">
    <subfield code="F">030</subfield>
    <subfield code="A">a|1uc||||||||</subfield>
  </datafield>
  <datafield tag="964" ind1="0" ind2="s">
    <subfield code="F">050</subfield>
    <subfield code="A">a|||||||||||||</subfield>
  </datafield>
  <datafield tag="700" ind1="1" ind2=" ">
    <subfield code="a">Lepa, Manfred</subfield>
    <subfield code="d">1936-</subfield>
    <subfield code="0">(DE-588)170407578</subfield>
    <subfield code="4">ctb</subfield>
    <subfield code="9">O:H</subfield>
  </datafield>
  <datafield tag="710" ind1="2" ind2=" ">
    <subfield code="a">Deutschland</subfield>
    <subfield code="g">Bundesrepublik</subfield>
    <subfield code="b">Bundesverfassungsgericht</subfield>
    <subfield code="0">(DE-588)35194-5</subfield>
    <subfield code="4">isb</subfield>
    <subfield code="9">O:H</subfield>
  </datafield>
  <datafield tag="710" ind1="1" ind2=" ">
    <subfield code="a">Deutschland</subfield>
    <subfield code="0">(DE-588)4011882-4</subfield>
    <subfield code="4">isb</subfield>
    <subfield code="9">O:H</subfield>
  </datafield>
  <datafield tag="710" ind1="1" ind2=" ">
    <subfield code="a">Deutschland</subfield>
    <subfield code="g">Bundesrepublik</subfield>
    <subfield code="0">(DE-588)4011889-7</subfield>
    <subfield code="4">isb</subfield>
    <subfield code="9">O:H</subfield>
  </datafield>
  <datafield tag="751" ind1=" " ind2=" ">
    <subfield code="a">Köln</subfield>
    <subfield code="9">O:H</subfield>
    <subfield code="0">(DE-588)4031483-2</subfield>
    <subfield code="2">gnd</subfield>
    <subfield code="4">dbp</subfield>
  </datafield>
  <datafield tag="773" ind1="0" ind2="8">
    <subfield code="w">(DE-600)795799-3</subfield>
    <subfield code="q">2001</subfield>
  </datafield>
  <datafield tag="776" ind1="0" ind2="8">
    <subfield code="i">Reproduktion von</subfield>
    <subfield code="k">Bundesanzeiger ; Jg. 54, Nr. 92a</subfield>
    <subfield code="w">(DE-605)HT013365271</subfield>
  </datafield>
  <datafield tag="533" ind1=" " ind2=" ">
    <subfield code="a">Mikrofiche-Ausg.</subfield>
    <subfield code="b">Köln</subfield>
    <subfield code="c">Bundesanzeiger</subfield>
    <subfield code="d">2002</subfield>
    <subfield code="e">1 Mikrofiche : 48x</subfield>
  </datafield>
  <datafield tag="035" ind1=" " ind2=" ">
    <subfield code="a">(DE-599)HBZHT013532539</subfield>
  </datafield>
  <datafield tag="MBD" ind1=" " ind2=" ">
    <subfield code="M">49HBZ_NETWORK</subfield>
    <subfield code="i">990118562160206441</subfield>
    <subfield code="n">HBZ Network</subfield>
  </datafield>
  <datafield tag="MNG" ind1=" " ind2=" ">
    <subfield code="c">System</subfield>
    <subfield code="f">OTHER</subfield>
    <subfield code="i">marc21</subfield>
    <subfield code="k">01</subfield>
    <subfield code="e">false</subfield>
    <subfield code="d">2023-05-29 19:58:01 Europe/Berlin</subfield>
    <subfield code="g">011856216-HBZ01</subfield>
    <subfield code="j">60</subfield>
    <subfield code="a">import</subfield>
    <subfield code="b">2021-04-05 10:21:04 Europe/Berlin</subfield>
  </datafield>
</record>
